%% This BibTeX bibliography file was created using BibDesk.
%% http://bibdesk.sourceforge.net/


%% Created for David Vernon at 2023-06-28 03:16:35 +0200 


%% Saved with string encoding Unicode (UTF-8) 


@article{Brunoetal2019,
	author = {Bruno, B. and Recchiuto, C. T. and Papadopoulos, I. and Saffiotti, A. and Koulouglioti, C. and Menicatti, R. and Mastrogiovanni, F. and Zaccaria, R. and Sgorbissa, A.},
	date-added = {2023-01-18 12:51:34 +0200},
	date-modified = {2023-02-01 09:47:33 +0200},
	journal = {International Journal of Social Robotics},
	number = {3},
	pages = {515--538},
	title = {Knowledge representation for culturally competent personal robots: requirements, design principles, implementation, and assessment},
	volume = {11},
	year = {2019}}

