%% This BibTeX bibliography file was created using BibDesk.
%% http://bibdesk.sourceforge.net/


%% Created for David Vernon at 2023-06-28 03:16:35 +0200 


%% Saved with string encoding Unicode (UTF-8) 


@inproceedings{gulati_conformer_2020,
	title = {Conformer: {Convolution}-augmented {Transformer} for {Speech} {Recognition}},
	shorttitle = {Conformer},
	url = {https://www.isca-archive.org/interspeech_2020/gulati20_interspeech.html},
	doi = {10.21437/Interspeech.2020-3015},
	language = {en},
	urldate = {2024-11-20},
	booktitle = {Interspeech 2020},
	publisher = {ISCA},
	author = {Gulati, Anmol and Qin, James and Chiu, Chung-Cheng and Parmar, Niki and Zhang, Yu and Yu, Jiahui and Han, Wei and Wang, Shibo and Zhang, Zhengdong and Wu, Yonghui and Pang, Ruoming},
	month = oct,
	year = {2020},
	pages = {5036--5040},
}

@inproceedings{park_specaugment_2019,
	title = {{SpecAugment}: {A} {Simple} {Data} {Augmentation} {Method} for {Automatic} {Speech} {Recognition}},
	shorttitle = {{SpecAugment}},
	url = {https://www.isca-archive.org/interspeech_2019/park19e_interspeech.html},
	doi = {10.21437/Interspeech.2019-2680},
	language = {en},
	urldate = {2024-11-27},
	booktitle = {Interspeech 2019},
	publisher = {ISCA},
	author = {Park, Daniel S. and Chan, William and Zhang, Yu and Chiu, Chung-Cheng and Zoph, Barret and Cubuk, Ekin D. and Le, Quoc V.},
	month = sep,
	year = {2019},
	pages = {2613--2617},
}


@inproceedings{romero-gonzalez_spoken_2020,
	title = {Spoken language understanding for social robotics},
	url = {https://ieeexplore.ieee.org/document/9096175},
	doi = {10.1109/ICARSC49921.2020.9096175},
	urldate = {2024-11-17},
	booktitle = {2020 {IEEE} {International} {Conference} on {Autonomous} {Robot} {Systems} and {Competitions} ({ICARSC})},
	author = {Romero-González, Cristina and Martínez-Gómez, Jesus and García-Varea, Ismael},
	month = apr,
	year = {2020},
	keywords = {Autonomous robots, Conferences, human-robot interaction, Labeling, Natural languages, Semantics, social robot, Speech recognition, speech understanding},
	pages = {152--157},
}
