%% This BibTeX bibliography file was created using BibDesk.
%% http://bibdesk.sourceforge.net/


%% Created for David Vernon at 2023-06-28 03:16:35 +0200 


%% Saved with string encoding Unicode (UTF-8) 

ï»¿@Article{Dijkstra1959,
	author={Dijkstra, E. W.},
	title={A note on two problems in connexion with graphs},
	journal={Numerische Mathematik},
	year={1959},
	month={Dec},
	day={01},
	volume={1},
	number={1},
	pages={269-271},
	issn={0945-3245},
	doi={10.1007/BF01386390},
	url={https://doi.org/10.1007/BF01386390}
}
@ARTICLE{A*,
	
	author={Hart, Peter E. and Nilsson, Nils J. and Raphael, Bertram},
	
	journal={IEEE Transactions on Systems Science and Cybernetics}, 
	
	title={A Formal Basis for the Heuristic Determination of Minimum Cost Paths}, 
	
	year={1968},
	
	volume={4},
	
	number={2},
	
	pages={100-107},
	
	keywords={Costs;Mathematical programming;Minimization methods;Functional programming;Automatic control;Minimax techniques;Gradient methods;Chemical technology;Automatic programming;Instruction sets},
	
	doi={10.1109/TSSC.1968.300136}}
@book{cormen2009introduction,
	title={Introduction to Algorithms},
	author={Cormen, Thomas H and Leiserson, Charles E and Rivest, Ronald L and Stein, Clifford},
	year={2009},
	edition={3rd},
	publisher={MIT Press},
	address={Cambridge, MA, USA}
}

