%% This BibTeX bibliography file was created using BibDesk.
%% http://bibdesk.sourceforge.net/


%% Created for David Vernon at 2025-04-18 11:23:15 +0200 


%% Saved with string encoding Unicode (UTF-8) 


@article{Ghzoulietal2023,
	author = {R. Ghzouli and T. Berger and E. B. Johnsen and A. Wasowski and S. Dragul},
	date-added = {2025-03-13 08:01:36 +0000},
	date-modified = {2025-03-13 08:07:16 +0000},
	journal = {{IEEE} Transactions on Software Engineering},
	number = {9},
	pages = {4243 -- 4267},
	title = {Behavior Trees and State Machines in Robotics Applications},
	volume = {49},
	year = {2023}}

@misc{UnrealEngineBehaviorTree,
	author = {{Unreal Engine}},
	date-added = {2025-04-18 10:35:30 +0200},
	date-modified = {2025-04-18 11:18:23 +0200},
	howpublished = {\url{https://dev.epicgames.com/documentation/en-us/unreal-engine/ behavior-tree-in-unreal-engine---overview}},
	lastchecked = {2024-03-21},
	title = {Behavior {T}ree {O}verview}}
@misc{BehaviorTreeWebsite,
	date-added = {2025-04-18 10:55:14 +0200},
	date-modified = {2025-04-18 11:23:12 +0200},
	howpublished = {\url{https://www.behaviortree.dev}},
	title = {{BehaviorTree.CPP 4.6}}}

@misc{FacontiGithubComment,
	author = {D. Faconti},
	date-added = {2025-04-18 10:43:35 +0200},
	date-modified = {2025-04-18 11:20:45 +0200},
	howpublished = {\url{https://github.com/BehaviorTree/BehaviorTree.CPP/issues/370}},
	title = {Comment on Issue \#370: ``Listening to 3--4 topics parallely as {SimpleConditions}''},
	url = {\url{https://github.com/BehaviorTree/BehaviorTree.CPP/issues/370}}}

@article{Iovinoetal2020,
	author = {M. Iovino and E. Scukins and J. Styrud and P. \"{O}gren and C. Smith},
	date-added = {2025-04-18 10:31:13 +0200},
	date-modified = {2025-04-18 10:33:44 +0200},
	journal = {arXiv:2005.05842},
	title = {A survey of behavior trees in robotics and {AI}},
	year = {2020}}

@inproceedings{Ghzoulietal2020,
	address = {New York, NY, USA},
	author = {R. Ghzouli and  T. Berger and E. B. Johnsen and S. Dragule and A. W\c{a}sowski},
	booktitle = {Proceedings of the 13th {ACM SIGPLAN} {I}nternational {C}onference on {S}oftware {L}anguage {E}ngineering ({SLE 2020})},
	date-added = {2025-04-18 10:17:58 +0200},
	date-modified = {2025-04-18 11:03:43 +0200},
	pages = {196--209},
	publisher = {Association for Computing Machinery},
	title = {Behavior trees in action: a study of robotics applications},
	year = {2020}}

@article{DortmansPunter2022,
	author = {E. Dortmans and T. Punter },
	date-added = {2025-04-18 10:09:54 +0200},
	date-modified = {2025-04-18 10:16:34 +0200},
	journal = {Journal of Robotics},
	title = {Behavior trees for smart robots practical guidelines for robot software development},
	year = {2022}}