%% This BibTeX bibliography file was created using BibDesk.
%% http://bibdesk.sourceforge.net/


%% Created for David Vernon at 2023-10-20 10:45:58 +0200 


%% Saved with string encoding Unicode (UTF-8) 
@article{yolo,
  author    = {Redmon, Joseph and Farhadi, Ali},
  title     = {YOLO9000: Better, Faster, Stronger},
  journal   = {Proceedings of the IEEE Conference on Computer Vision and Pattern Recognition (CVPR)},
  year      = {2017},
  pages     = {7263-7271}
}

@misc{mediapipe_face_landmarker,
  author    = {Google AI},
  title     = {MediaPipe Face Landmarker: Real-Time Face Detection and Landmark Detection},
  year      = {2024},
  howpublished = "\url{https://ai.google.dev/edge/mediapipe/solutions/vision/face_landmarker}",
  note      = {Accessed: February 15, 2025}
}

@article{SORT,
  author    = {Wojke, Nicolai and Bewley, Alex and Paulus, Dietrich},
  title     = {Simple Online and Realtime Tracking with a Deep Association Metric},
  journal   = {arXiv preprint arXiv:1703.07402},
  year      = {2017}
}

@inproceedings{sixdrepnet,
  author    = {Ruiz, Nataniel and Chong, Eunji and Rehg, James M},
  title     = {SixDRepNet: 6D Rotation Representation for Head Pose Estimation},
  booktitle = {European Conference on Computer Vision (ECCV)},
  year      = {2022}
}

@url {SoftBankDocumentation,
	date-added = {2024-03-25 10:45:00 +0200},
	date-modified = {2024-25-20 10:45:00 +0200},
	howpublished = {\url{http://doc.aldebaran.com/2-5/family/pepper_technical/index_pep.html}},
	title = {Pepper Technical Specifications}}
