@misc{Ghzouli2023,
	author = {Ghzouli, Razan and Berger, Thorsten and Johnsen, Einar Broch and Wasowski, Andrzej and Dragule, Swaib},
	title = {Behavior Trees and State Machines in Robotics Applications},
	year = {2023},
	url = {https://arxiv.org/abs/2208.04211},
	note = {arXiv preprint arXiv:2208.04211},
	date-added = {2024-12-14},
	date-modified = {2024-12-14}
}

@inproceedings{Ghzouli2020,
	author = {Ghzouli, Razan and Berger, Thorsten and Johnsen, Einar Broch and Dragule, Swaib and Wasowski, Andrzej},
	title = {Behavior Trees in Action: A Study of Robotics Applications},
	booktitle = {Proc. 13th ACM SIGPLAN Int. Conf. on Software Language Engineering},
	pages = {196--209},
	year = {2020},
	volume = {SPLASH '20},
	url = {http://dx.doi.org/10.1145/3426425.3426942},
	doi = {10.1145/3426425.3426942},
	date-added = {2024-12-14},
	date-modified = {2024-12-14}
}

@article{Dortmans2022,
	author = {Dortmans, Eric and Punter, Teade and Syahputra, Ramadoni},
	title = {Behavior Trees for Smart Robots Practical Guidelines for Robot Software Development},
	journal = {Journal of Robotics},
	year = {2022},
	volume = {2022},
	publisher = {Hindawi Limited},
	url = {https://doi.org/10.1155/2022/3314084},
	doi = {10.1155/2022/3314084},
	date-added = {2024-12-14},
	date-modified = {2024-12-14}
}

@misc{Iovino2020,
	author = {Iovino, Matteo and Scukins, Edvards and Styrud, Jonathan and Ã–gren, Petter and Smith, Christian},
	title = {A Survey of Behavior Trees in Robotics and AI},
	year = {2020},
	url = {https://arxiv.org/abs/2005.05842},
	note = {arXiv preprint arXiv:2005.05842},
	date-added = {2024-12-14},
	date-modified = {2024-12-14}
}

@misc{BehaviorTreeWebsite,
    title = {BehaviorTree.CPP Website},
    howpublished = {\url{https://www.behaviortree.dev}},
    note = {Accessed: 2024-12-14},
    date-added = {2024-12-14},
    date-modified = {2024-12-14}
}

@misc{BehaviorTreeGithub,
    title = {BehaviorTree.CPP GitHub Repository},
    howpublished = {\url{https://github.com/BehaviorTree/BehaviorTree.CPP}},
    note = {Accessed: 2024-12-14},
    date-added = {2024-12-14},
    date-modified = {2024-12-14}
}

@misc{ROSNavigation,
    title = {ROS Navigation Stack},
    howpublished = {\url{https://navigation.ros.org}},
    note = {Accessed: 2024-12-14},
    date-added = {2024-12-14},
    date-modified = {2024-12-14}
}

@misc{ROSCon2022,
    title = {ROSCon 2022 Presentation},
    howpublished = {\url{https://roscon.ros.org/2022/}},
    note = {Accessed: 2024-12-14},
    date-added = {2024-12-14},
    date-modified = {2024-12-14}
}

@misc{eSpeakWebsite,
    title = {eSpeak Source Code Repository},
    howpublished = {\url{https://github.com/espeak-ng/espeak-ng}},
    note = {Accessed: 2025-06-07},
    date-added = {2025-06-07},
    date-modified = {2025-06-07}
}