@techreport{CSSR_D3.1,
    title = {CSSR4Africa Deliverable D3.1: Initial Software Framework},
    author = {CSSR4Africa Consortium},
    institution = {CSSR4Africa Project},
    year = {2023},
    url = {https://cssr4africa.github.io/deliverables/CSSR4Africa_Deliverable_D3.1.pdf},
    type = {Technical Report}
}

@techreport{CSSR_D3.2,
    title = {CSSR4Africa Deliverable D3.2: Platform Software Integration},
    author = {CSSR4Africa Consortium},
    institution = {CSSR4Africa Project},
    year = {2023},
    url = {https://cssr4africa.github.io/deliverables/CSSR4Africa_Deliverable_D3.2.pdf},
    type = {Technical Report}
}

@techreport{CSSR_WorkPlan,
    title = {CSSR4Africa Project Work Plan},
    author = {CSSR4Africa Consortium},
    institution = {CSSR4Africa Project},
    year = {2023},
    url = {https://cssr4africa.github.io/workplan/CSSR4Africa_Work_Plan.pdf},
    type = {Technical Report}
}

@techreport{CSSR_D3.5,
    title = {CSSR4Africa Deliverable D3.5: Software Framework Integration},
    author = {CSSR4Africa Consortium},
    institution = {CSSR4Africa Project},
    year = {2023},
    url = {https://cssr4africa.github.io/deliverables/CSSR4Africa_Deliverable_D3.5.pdf},
    type = {Technical Report}
}