@article{trovato,
author = {Trovato, Gabriele and Zecca, Massimiliano and Sessa, Salvatore and Jamone, Lorenzo and Ham, Jaap and Hashimoto, Kenji and Takanishi, Atsuo},
year = {2013},
month = {12},
pages = {},
title = {Cross-cultural study on human-robot greeting interaction: acceptance and discomfort by Egyptians and Japanese},
volume = {4},
journal = {Paladyn, Journal of Behavioral Robotics},
doi = {10.2478/pjbr-2013-0006}
}