%% This BibTeX bibliography file was created using BibDesk.
%% http://bibdesk.sourceforge.net/


%% Created for David Vernon at 2023-06-28 03:16:35 +0200 


%% Saved with string encoding Unicode (UTF-8) 

@article{kim2021conditional,
  title={Conditional Variational Autoencoder with Adversarial Learning for End-to-End Text-to-Speech},
  author={Kim, Jaehyeon and Kong, Jungil and Son, Juhee},
  journal={Proceedings of the 38th International Conference on Machine Learning},
  pages={5530--5542},
  year={2021},
  publisher={PMLR}
}

@article{casanova2022yourtts,
  title={YourTTS: Towards Zero-Shot Multi-Speaker TTS and Zero-Shot Voice Conversion for everyone},
  author={Casanova, Edresson and Weber, Julian and Shulby, Christopher and Junior, Arnaldo Candido and G\"{o}lge, Eren and Ponti, Moacir Antonelli},
  journal={Proceedings of the 39th International Conference on Machine Learning},
  pages={2709--2720},
  year={2022},
  publisher={PMLR}
}
