%% This BibTeX bibliography file was created using BibDesk.
%% http://bibdesk.sourceforge.net/


%% Created for David Vernon at 2023-06-28 03:16:35 +0200 


%% Saved with string encoding Unicode (UTF-8) 


@book{Bartnecketal2020,
	author = {C. Bartneck and T. Belpaeme and F. Eyssel and T. Kanda and M. Keijsers and S. Sabanovic},
	date-added = {2023-01-03 17:14:05 +0200},
	date-modified = {2023-01-03 17:15:41 +0200},
	publisher = {Cambridge University Press},
	title = {Human-Robot Interaction -- An Introduction},
	year = {2020}}

@article{Zen2009,
  title={Statistical parametric speech synthesis},
  author={Zen, Heiga and Tokuda, Keiichi and Black, Alan W},
  journal={Speech Communication},
  volume={51},
  number={11},
  pages={1039--1064},
  year={2009},
  publisher={Elsevier}
}
