%% This BibTeX bibliography file was created using BibDesk.
%% http://bibdesk.sourceforge.net/


%% Created for David Vernon at 2025-06-05 18:17:37 +0100 


%% Saved with string encoding Unicode (UTF-8) 

@book{Bradburn2004,
  title={The art of asking questions: Improving the quality of questionnaire data},
  author={Bradburn, N. M. and Sudman, S. and Wansink, B.},
  year={2004},
  publisher={Jossey-Bass}
}
@url{DREAM,
	date-added = {2015-07-07 07:25:27 +0000},
	date-modified = {2015-07-07 07:26:59 +0000},
	lastchecked = {7 July 2015},
	title = {http://www.dream2020.eu}}

@url{robotcub,
	date-added = {2014-05-02 05:31:13 +0000},
	date-modified = {2014-05-02 05:31:13 +0000},
	lastchecked = {25 January 2014},
	title = {http://www.robotcub.eu}}
	
@article{Brunoetal2019,
	author = {Bruno, B. and Recchiuto, C. T. and Papadopoulos, I. and Saffiotti, A. and Koulouglioti, C. and Menicatti, R. and Mastrogiovanni, F. and Zaccaria, R. and Sgorbissa, A.},
	date-added = {2023-01-18 12:51:34 +0200},
	date-modified = {2023-02-01 09:47:33 +0200},
	journal = {International Journal of Social Robotics},
	number = {3},
	pages = {515--538},
	title = {Knowledge representation for culturally competent personal robots: requirements, design principles, implementation, and assessment},
	volume = {11},
	year = {2019}}
@article{AkinadeVernon2024,
	author = {A. Akinade and D. Vernon},
	date-added = {2024-08-12 19:42:57 +0200},
	date-modified = {2024-08-12 20:41:49 +0200},
	journal = {{\rm submitted to} {I}nternational {J}ournal of {H}umanoid {R}obotics},
	title = {Biological Motion Aids Gestural Communication by Humanoid Social Robots}}

@inproceedings{ZantouVernon2023,
	address = {Nairobi, Kenya},
	author = {P. Zantou and D. Vernon},
	booktitle = {Proc. IEEE Africon},
	date-added = {2024-08-12 19:39:47 +0200},
	date-modified = {2024-08-12 19:40:56 +0200},
	title = {Culturally-Sensitive Human-Robot Interaction: A Case Study with the Pepper Humanoid Robot},
	year = {2023}}

@techreport{Bruyninckx10,
	Author = {Bruyninckx, H.},
	Date-Added = {2014-08-06 10:44:38 +0000},
	Date-Modified = {2014-08-06 10:44:58 +0000},
	Note = {http://www.best-of-robotics.org},
	Title = {Robotics software framework harmonization by means of component composability benchmarks},
	Type = {{BRICS Deliverable D8.1}},
	Year = {2010}}

@article{Tsotsosetal95,
	author = {J. K. Tsotsos and S. Culhane and W. Wai and Y. Lai and N. David and F. Nuflo},
	journal = {Artificial Intelligence},
	pages = {507--547},
	title = {Modeling Visual Attention via Selective Tuning},
	volume = {78},
	year = {1995}}
@inproceedings{Tsotsos06,
	address = {Heidelberg},
	author = {J. K. Tsotsos},
	booktitle = {Cognitive Vision Systems: Sampling the Spectrum of Approaches},
	editor = {H. I. Christensen and H.-H. Nagel},
	pages = {25--36},
	publisher = {Springer},
	series = {LNCS},
	title = {Cognitive Vision need Attention to link Sensing with Recognition},
	volume = {3948},
	year = {2006}}

@article{BruceTsotsos09,
	author = {N. D. B. Bruce and J. K. Tsotsos},
	date-added = {2015-02-06 06:48:16 +0000},
	date-modified = {2015-02-06 11:38:10 +0000},
	journal = {Journal of Vision},
	number = {3},
	pages = {1--24},
	title = {Saliency, attention, and visual search: An information theoretic approach},
	volume = {9},
	year = {2009}}
@incollection{Smolensky96b,
	author = {P. Smolensky},
	booktitle = {Mathematical perspectives on neural networks},
	editor = {P. Smolensky and M. C. Mozer and D. E. Rumelhart},
	pages = {1-15},
	publisher = {Erlbaum},
	title = {Computational perspectives on neural networks},
	year = {1996}}

@misc{TBL,
	author = {{TBL}},
	date-added = {2025-05-29 14:06:16 +0100},
	date-modified = {2025-05-29 14:07:20 +0100},
	howpublished = {\url{https://vrb.ease-crc.org/explore-labs/the-tracebot-laboratory}},
	title = {{TraceBot Laboratory}},
	year = {2025}}

@techreport{Shakhimardanovetal10,
	Author = {Shakhimardanov, A. and Paulus, J. and Hochgeschwender, N. and Reckhaus, M. and Kraetzschmar, G. K.},
	Date-Added = {2014-08-06 10:42:03 +0000},
	Date-Modified = {2014-08-06 10:42:20 +0000},
	Note = {http://www.best-of-robotics.org},
	Title = {Best Practice Assessment of Software Technologies for Robotics},
	Type = {{BRICS Deliverable D2.1}},
	Year = {2010}}
@inproceedings{ZaharescuRothensteinTsotsos05,
	address = {Berlin},
	author = {A. Zaharescu and A. L. Rothenstein and J. K. Tsotsos},
	booktitle = {Proceedings of the Second International Workshop on Attention and Performance in Computational Vision, {WAPCV}},
	date-modified = {2015-07-15 09:30:49 +0000},
	editor = {L. Paletta and J. K. Tsotsos and E. Rome and G. Humphreys},
	pages = {133--147},
	publisher = {Springer},
	title = {Towards a Biologically Plausible Active Visual Search Model},
	volume = {LNCS 3368},
	year = {2004}}
@book{Tsotsos11,
	address = {Cambridge MA},
	author = {J. K. Tsotsos},
	date-modified = {2015-07-15 09:30:04 +0000},
	publisher = {MIT Press},
	title = {A Computational Perspective on Visual Attention},
	year = {2011}}
@techreport{DREAM3.2,
	author = {D. Vernon},
	date-added = {2015-11-17 14:22:02 +0000},
	date-modified = {2015-11-17 14:22:02 +0000},
	note = {http://www.dream2020.eu},
	title = {Software Engineering Standards},
	type = {{DREAM Deliverable D3.2}},
	year = {2014}}
@url{DREAMwiki,
	Date-Added = {2015-04-21 13:24:48 +0000},
	Date-Modified = {2015-04-21 13:25:59 +0000},
	Lastchecked = {20 April 2015},
	Title = {{https://dreamproject.aldebaran.com/projects/dream/wiki/Wiki}}}
@techreport{RobotCub04,
	annote = {Cognition; Models},
	institution = {IST Integrated Project 004370},
	title = {RobotCub: Robotic Open-Architecture Technology for Cognition, Understanding, and Behaviours},
	type = {Research Project},
	urlpaper = {http://www.robotcub.org},
	year = {2004}}
 
@article{BrugaliScandurra09,
	author = {D. Brugali and P. Scandurra},
	date-added = {2014-04-24 11:01:40 +0000},
	date-modified = {2014-04-25 13:43:33 +0000},
	journal = {IEEE Robotics and Automation Magazine},
	month = {December},
	pages = {84--96},
	title = {{C}omponent-{B}ased {R}obotic {E}ngineering ({P}art {I})},
	year = {2009}}
@book{fltk,
	note = {http://www.fltk.org},
	title = {FLTK User Manual}}

@techreport{Soetensetal10,
	Author = {Soetens, P. and Garcia, H. and Klotzbuecher, M. and Bruyninckx, H.},
	Date-Added = {2014-08-06 10:03:18 +0000},
	Date-Modified = {2014-08-06 10:40:52 +0000},
	Note = {http://www.best-of-robotics.org},
	Title = {First established {CAE} tool integration},
	Type = {{BRICS Deliverable D4.1}},
	Year = {2010}}


@incollection{RadestrockEisenbach96,
	Author = {M. Radestock and S. Eisenbach},
	Booktitle = {Trends in Distributed Systems, CORBA and Beyond},
	Date-Added = {2014-08-06 10:05:57 +0000},
	Date-Modified = {2014-08-06 10:08:07 +0000},
	Pages = {162---176},
	Publisher = {Springer},
	Title = {Coordination in Evolving Systems},
	Year = {1996}}
@article{Hoare78,
	Author = {C. A. R. Hoare},
	Date-Added = {2014-08-06 13:31:19 +0000},
	Date-Modified = {2014-08-06 13:32:16 +0000},
	Journal = {Communications of the ACM},
	Number = {8},
	Pages = {666---677},
	Title = {Communicating sequential processes},
	Volume = {21},
	Year = {1978}}
@url{OMG,
	Date-Added = {2014-08-06 14:10:54 +0000},
	Date-Modified = {2014-08-06 14:12:17 +0000},
	Lastchecked = {6 August 2014},
	Title = {http://www.omg.org}}
@inproceedings{Bruyninckxetal13,
	address = {New York, NY, USA},
	author = {Bruyninckx, H. and Klotzb\"{u}cher, M. and Hochgeschwender, N. and Kraetzschmar, G. and Gherardi, L. and Brugali, D.},
	booktitle = {Proceedings of the 28th Annual ACM Symposium on Applied Computing},
	date-added = {2014-04-24 11:10:58 +0000},
	date-modified = {2014-04-25 13:49:04 +0000},
	pages = {1758--1764},
	publisher = {ACM},
	series = {SAC `13},
	title = {The {BRICS} Component Model: A Model-based Development Paradigm for Complex Robotics Software Systems},
	year = {2013}}
@incollection{SchlegelSteckLotz2011,
	author = {C. Schlegel and A. Steck and A. Lotz},
	booktitle = {Introduction to Modern Robotics},
	date-added = {2014-04-24 10:55:11 +0000},
	date-modified = {2014-04-24 10:57:55 +0000},
	publisher = {iConcept Press},
	title = {Model-Driven Software Development in Robotics: Communication Patterns as Key for a Robotics Component Model},
	year = {2011}}
@article{BrugaliShakhamirdanov10,
	author = {D. Brugali and A. Shakhimardanov},
	date-added = {2014-04-24 11:04:35 +0000},
	date-modified = {2014-04-25 13:43:23 +0000},
	journal = {IEEE Robotics and Automation Magazine},
	month = {March},
	pages = {100--112},
	title = {{C}omponent-{B}ased {R}obotic {E}ngineering ({P}art {II})},
	year = {2010}}

@inproceedings{Quigleyetal09,
	author = {M. Quigley and K. Conley and B.P. Gerkey and J. Faust and T. Foote and J. Leibs and R. Wheeler and A.Y. Ng},
	booktitle = {ICRA Workshop on Open Source Software},
	date-added = {2014-08-11 08:26:06 +0000},
	date-modified = {2014-08-11 08:26:06 +0000},
	title = {ROS: an open-source robot operating system},
	year = {2009}}

@article{MettaFitzpatrickNatale06,
	author = {G. Metta and P. Fitzpatrick and L. Natale},
	journal = {International Journal on Advanced Robotics Systems},
	number = {1},
	pages = {43--48},
	title = {YARP: yet another robot platform},
	volume = {3},
	year = {2006}}

@inproceedings{Baillie05,
	author = {J. Baillie},
	booktitle = {IEEE/RSJ International Conference on Intelligent Robots and Systems, IROS 2005},
	date-added = {2014-08-11 08:29:58 +0000},
	date-modified = {2014-08-11 08:29:58 +0000},
	pages = {3219---3224},
	title = {URBI: towards a universal robotic low-level programming language},
	year = {2005}}

@phdthesis{Soetens06,
	address = {Belgium},
	author = {P. Soetens},
	date-added = {2014-08-11 08:38:58 +0000},
	date-modified = {2014-08-11 08:40:20 +0000},
	school = {Department of Mechanical Engineering, Katholieke Universiteit Leuven},
	title = {A software framework for real-time and distributed robot and machine control},
	year = {2006}}

@inbook{Brooksetal07,
	author = {A. Brooks and T. Kaupp and A. Makarenko and S. Williams and A. Oreback},
	chapter = {Orca: a component model and repository},
	date-added = {2014-08-11 08:34:05 +0000},
	date-modified = {2014-08-11 08:37:07 +0000},
	pages = {231---251},
	publisher = {Springer},
	series = {Springer Tracts in Advanced Robotics},
	title = {Software Engineering for Experimental Robotics},
	year = {2007}}
@inproceedings{MakarenkoBrooksKaupp07,
	author = {A. Makarenko and A. Brooks and T. Kaupp},
	booktitle = {IEEE/RSJ International Conference on Intelligent Robots and Systems, IROS 2007},
	date-added = {2014-08-11 08:31:08 +0000},
	date-modified = {2014-08-11 08:32:36 +0000},
	title = {On the benefits of making robotic software frameworks thin},
	year = {2007}}

@article{Barakovaetal13,
	author = {E. I. Barakova and J. C. C. Gillesen and B. E. B. M. Huskens and T. Lourens},
	date-added = {2014-05-17 15:50:32 +0000},
	date-modified = {2014-05-17 15:52:33 +0000},
	journal = {Robotics and Autonomous Systems},
	pages = {704--713},
	title = {End-user programming architecture facilitates the uptake of robots in social therapies},
	volume = {61},
	year = {2013}}

@url{ROS,
	author = {{Robot Operating System (ROS)}},
	date-modified = {2023-09-17 19:34:10 +0200},
	howpublished = {\url{https://www.ros.org/}}}

@book{Stallman05,
	author = {R. Stallman {\em et al.}},
	institution = {Free Software Foundation, Inc.},
	note = {http://www.gnu.org/prep/standards/},
	title = {GNU Coding Standards},
	year = {2005}}
@book{java,
	note = {http://java.sun.com/docs/codeconv/CodeConventions.pdf},
	title = {Java Code Conventions}}

@book{cpp,
	note = {http://www.possibility.com/Cpp/CppCodingStandard.html},
	title = {C++ Coding Standards}}

@book{epfl,
	institution = {\'{E}cole Polytechnique F\'{e}d\'{e}rale de Lausanne},
	note = {http://birg.epfl.ch/page26861.html},
	title = {Birg Coding Standards for C/C++}}

@book{pep8,
	note = {https://peps.python.org/pep-0008/},
	title = {PEP 8 – Style Guide for Python Code}}
@url{Atlas2,
	author = {{Atlas}},
	date-added = {2023-10-20 10:38:12 +0200},
	date-modified = {2023-10-20 10:40:07 +0200},
	howpublished = {\url{https://bostondynamics.com/atlas/}}}
