%% This BibTeX bibliography file was created using BibDesk.
%% http://bibdesk.sourceforge.net/


%% Created for David Vernon at 2023-10-20 10:45:58 +0200 


%% Saved with string encoding Unicode (UTF-8) 
@misc{webrtcvad,
  author = {WebRTC and Wiseman},
  title = {WebRTC Voice Activity Detector},
  howpublished = {\url{https://github.com/wiseman/py-webrtcvad}},
  note = {Accessed: 2025-02-27}
}

@article{knapp1976generalized,
  title = {The Generalized Correlation Method for Estimation of Time Delay},
  author = {Knapp, C. H. and Carter, G. C.},
  journal = {IEEE Transactions on Acoustics, Speech, and Signal Processing},
  volume = {24},
  number = {4},
  pages = {320--327},
  year = {1976},
  publisher = {IEEE}
}

@article{boll1979suppression,
  title = {Suppression of Acoustic Noise in Speech Using Spectral Subtraction},
  author = {Boll, Stephan},
  journal = {IEEE Transactions on Acoustics, Speech, and Signal Processing},
  volume = {27},
  number = {2},
  pages = {113--120},
  year = {1979},
  publisher = {IEEE}
}

@url {SoftBankDocumentation,
	date-added = {2024-03-25 10:45:00 +0200},
	date-modified = {2024-25-20 10:45:00 +0200},
	howpublished = {\url{http://doc.aldebaran.com/2-5/family/pepper_technical/index_pep.html}},
	title = {Pepper Technical Specifications}}
