%% This BibTeX bibliography file was created using BibDesk.
%% http://bibdesk.sourceforge.net/


%% Created for David Vernon at 2025-06-05 18:17:37 +0100 


%% Saved with string encoding Unicode (UTF-8) 

@book{Bradburn2004,
  title={The art of asking questions: Improving the quality of questionnaire data},
  author={Bradburn, N. M. and Sudman, S. and Wansink, B.},
  year={2004},
  publisher={Jossey-Bass}
}

@article{Brunoetal2019,
	author = {Bruno, B. and Recchiuto, C. T. and Papadopoulos, I. and Saffiotti, A. and Koulouglioti, C. and Menicatti, R. and Mastrogiovanni, F. and Zaccaria, R. and Sgorbissa, A.},
	date-added = {2023-01-18 12:51:34 +0200},
	date-modified = {2023-02-01 09:47:33 +0200},
	journal = {International Journal of Social Robotics},
	number = {3},
	pages = {515--538},
	title = {Knowledge representation for culturally competent personal robots: requirements, design principles, implementation, and assessment},
	volume = {11},
	year = {2019}}
@article{AkinadeVernon2024,
	author = {A. Akinade and D. Vernon},
	date-added = {2024-08-12 19:42:57 +0200},
	date-modified = {2024-08-12 20:41:49 +0200},
	journal = {{\rm submitted to} {I}nternational {J}ournal of {H}umanoid {R}obotics},
	title = {Biological Motion Aids Gestural Communication by Humanoid Social Robots}}

@inproceedings{ZantouVernon2023,
	address = {Nairobi, Kenya},
	author = {P. Zantou and D. Vernon},
	booktitle = {Proc. IEEE Africon},
	date-added = {2024-08-12 19:39:47 +0200},
	date-modified = {2024-08-12 19:40:56 +0200},
	title = {Culturally-Sensitive Human-Robot Interaction: A Case Study with the Pepper Humanoid Robot},
	year = {2023}}

@article{Tsotsosetal95,
	author = {J. K. Tsotsos and S. Culhane and W. Wai and Y. Lai and N. David and F. Nuflo},
	journal = {Artificial Intelligence},
	pages = {507--547},
	title = {Modeling Visual Attention via Selective Tuning},
	volume = {78},
	year = {1995}}
@inproceedings{Tsotsos06,
	address = {Heidelberg},
	author = {J. K. Tsotsos},
	booktitle = {Cognitive Vision Systems: Sampling the Spectrum of Approaches},
	editor = {H. I. Christensen and H.-H. Nagel},
	pages = {25--36},
	publisher = {Springer},
	series = {LNCS},
	title = {Cognitive Vision need Attention to link Sensing with Recognition},
	volume = {3948},
	year = {2006}}

@article{BruceTsotsos09,
	author = {N. D. B. Bruce and J. K. Tsotsos},
	date-added = {2015-02-06 06:48:16 +0000},
	date-modified = {2015-02-06 11:38:10 +0000},
	journal = {Journal of Vision},
	number = {3},
	pages = {1--24},
	title = {Saliency, attention, and visual search: An information theoretic approach},
	volume = {9},
	year = {2009}}

@incollection{Smolensky96b,
	author = {P. Smolensky},
	booktitle = {Mathematical perspectives on neural networks},
	editor = {P. Smolensky and M. C. Mozer and D. E. Rumelhart},
	pages = {1-15},
	publisher = {Erlbaum},
	title = {Computational perspectives on neural networks},
	year = {1996}}

@misc{TBL,
	author = {{TBL}},
	date-added = {2025-05-29 14:06:16 +0100},
	date-modified = {2025-05-29 14:07:20 +0100},
	howpublished = {\url{https://vrb.ease-crc.org/explore-labs/the-tracebot-laboratory}},
	title = {{TraceBot Laboratory}},
	year = {2025}}

@inproceedings{ZaharescuRothensteinTsotsos05,
	address = {Berlin},
	author = {A. Zaharescu and A. L. Rothenstein and J. K. Tsotsos},
	booktitle = {Proceedings of the Second International Workshop on Attention and Performance in Computational Vision, {WAPCV}},
	date-modified = {2015-07-15 09:30:49 +0000},
	editor = {L. Paletta and J. K. Tsotsos and E. Rome and G. Humphreys},
	pages = {133--147},
	publisher = {Springer},
	title = {Towards a Biologically Plausible Active Visual Search Model},
	volume = {LNCS 3368},
	year = {2004}}
@book{Tsotsos11,
	address = {Cambridge MA},
	author = {J. K. Tsotsos},
	date-modified = {2015-07-15 09:30:04 +0000},
	publisher = {MIT Press},
	title = {A Computational Perspective on Visual Attention},
	year = {2011}}
