%% This BibTeX bibliography file was created using BibDesk.
%% http://bibdesk.sourceforge.net/


%% Created for David Vernon at 2023-06-28 03:16:35 +0200 


%% Saved with string encoding Unicode (UTF-8) 
@article{zhang2018real,
  title={Real-time whole-body imitation by humanoid robots and task-oriented teleoperation using an analytical mapping method and quantitative evaluation},
  author={Zhang, Z. and Niu, Y. and Yan, Z. and Lin, S.},
  journal={Applied Sciences},
  volume={8},
  number={10},
  pages={2005},
  year={2018},
  publisher={MDPI}
}

@inproceedings{Quigleyetal09,
	author = {M. Quigley and K. Conley and B.P. Gerkey and J. Faust and T. Foote and J. Leibs and R. Wheeler and A.Y. Ng},
	booktitle = {ICRA Workshop on Open Source Software},
	date-added = {2014-08-11 08:26:06 +0000},
	date-modified = {2014-08-11 08:26:06 +0000},
	title = {{ROS}: an open-source robot operating system},
	year = {2009}}

@misc{intel_realsense_d435,
  author       = {Intel Corporation},
  title        = {Intel® RealSense™ Depth Camera D435 Datasheet},
  year         = {2018},
  howpublished = {\url{https://www.intelrealsense.com/download/21345/?tmstv=1697035582}},
  note         = {Accessed: 2024-12-02}
}

@misc{qt_signals_slots,
  author       = {The Qt Company},
  title        = {Signals and Slots in Qt for Python},
  year         = {2024},
  howpublished = {\url{https://doc.qt.io/qtforpython-6/overviews/signalsandslots.html}},
  note         = {Accessed: 2024-12-02}
}

@misc{realsense_ros,
  author       = {Intel Corporation},
  title        = {{ROS} Wrapper for Intel® RealSense™ Devices},
  year         = {2024},
  howpublished = {\url{https://github.com/IntelRealSense/realsense-ros/tree/ros1-legacy}},
  note         = {Accessed: 2024-12-02}
}

@article{brugali2010component,
  title={Component-based robotic engineering ({Part II})},
  author={Brugali, D. and Shakhimardanov, A.},
  journal={IEEE Robotics \& Automation Magazine},
  volume={17},
  number={1},
  pages={100--112},
  year={2010},
  publisher={IEEE}
}

@article{lugaresi2019mediapipe,
  title={Mediapipe: A framework for building perception pipelines},
  author={Lugaresi, C. and Tang, J. and Nash, H. and McClanahan, C. and Uboweja, E. and Hays, M. and Zhang, F. and Chang, C. and Yong, M. and Lee, J. and others},
  journal={arXiv preprint arXiv:1906.08172},
  year={2019}
}

@inproceedings{barros2024enhancing,
title={Enhancing Probabilistic Imitation Learning with Robotic Perception for Self-Organising Robotic Workstation},
author={D. Barros and C. Willibald and A. Padalkar and J. Silv{\'e}rio},
booktitle={CoRL 2024 Workshop on Mastering Robot Manipulation in a World of Abundant Data},
year={2024},
url={https://openreview.net/forum?id=hL5HckZFG7}
}

@misc{catkin_docs,
  author = "{Open Source Robotics Foundation (OSRF)}",
  title = "{Catkin Documentation}",
  year = {2024},
  howpublished = {\url{https://wiki.ros.org/catkin}},
  note = {Accessed: 2024-12-05}
}

@misc{betterstack_initpy,
  author = "{Better Stack Community}",
  title = "{What is \_\_init\_\_.py for?}",
  year = {2024},
  howpublished = {\url{https://betterstack.com/community/questions/what-is-init-py-for/}},
  note = {Accessed: 2024-12-05}
}

@article{harris2020array,
  title={Array programming with NumPy},
  author={Harris, C. and Millman, J. and Van Der Walt, S. and Gommers, R. and Virtanen, P. and Cournapeau, D. and Wieser, E. and Taylor, J. and Berg, S. and Smith, N. and others},
  journal={Nature},
  volume={585},
  number={7825},
  pages={357--362},
  year={2020},
  publisher={Nature Publishing Group UK London}
}

@manual{python_deque,
  title        = {collections.deque — Container datatypes},
  author       = {Python Software Foundation},
  year         = {2023},
  url          = {https://docs.python.org/3/library/collections.html#collections.deque},
  note         = {Accessed: 2023-12-05}
}