%% This BibTeX bibliography file was created using BibDesk.
%% http://bibdesk.sourceforge.net/


%% Created for David Vernon at 2023-06-28 03:16:35 +0200 


%% Saved with string encoding Unicode (UTF-8) 


@article{Huberetal2008,
	  title={Human-robot interaction in handing-over tasks},
	  author={Markus Huber and Markus Rickert and Alois Knoll and Thomas Brandt and Stefan Glasauer},
	  journal={RO-MAN 2008 - The 17th IEEE International Symposium on Robot and Human Interactive Communication},
	  year={2008},
	  pages={107-112},
	  url={https://api.semanticscholar.org/CorpusID:12534839}
	}

@article{Bartnecketal2009,
	author = {Bartneck, C. and Kuli{\'c}, D. and Croft, E. and Zoghbi, S.},
	date-added = {2023-06-10 11:14:50 +0200},
	date-modified = {2023-06-10 11:17:01 +0200},
	journal = {International Journal of Social Robotics},
	pages = {71--81},
	title = {Measurement Instruments for the Anthropomorphism, Animacy, Likeability, Perceived Intelligence, and Perceived Safety of Robots},
	volume = {1},
	year = {2009}}
