%% This BibTeX bibliography file was created using BibDesk.
%% http://bibdesk.sourceforge.net/


%% Created for David Vernon at 2023-10-20 10:45:58 +0200 


%% Saved with string encoding Unicode (UTF-8) 


@misc{SoftBankDocumentation,
  date-added = {2024-03-25 10:45:00 +0200},
  date-modified = {2024-08-20 10:45:00 +0200},
  howpublished = {\url{http://doc.aldebaran.com/2-5/family/pepper_technical/index_pep.html}},
  title = {Pepper Technical Specifications}
}
