%% This BibTeX bibliography file was created using BibDesk.
%% http://bibdesk.sourceforge.net/


%% Created for David Vernon at 2025-04-18 11:23:15 +0200 


%% Saved with string encoding Unicode (UTF-8) 


@article{Ghzoulietal2023,
	author = {R. Ghzouli and T. Berger and E. B. Johnsen and A. Wasowski and S. Dragul},
	date-added = {2025-03-13 08:01:36 +0000},
	date-modified = {2025-03-13 08:07:16 +0000},
	journal = {{IEEE} Transactions on Software Engineering},
	number = {9},
	pages = {4243 -- 4267},
	title = {Behavior Trees and State Machines in Robotics Applications},
	volume = {49},
	year = {2023}}