%% This BibTeX bibliography file was created using BibDesk.
%% http://bibdesk.sourceforge.net/


%% Created for David Vernon at 2023-06-28 03:16:35 +0200 


%% Saved with string encoding Unicode (UTF-8) 


@article{bresenham_algorithm_1965,
	title = {Algorithm for computer control of a digital plotter},
	volume = {4},
	issn = {0018-8670},
	url = {https://ieeexplore.ieee.org/document/5388473},
	doi = {10.1147/sj.41.0025},
	abstract = {The algorithm can be programmed without the use of multiplication or division. It was found that 333 core locations were sufficient for an {IBM} 1401 program (used to control an {IBM} 1627). The average computation time between successive incrementations was approximately 1.5 milliseconds.},
	pages = {25--30},
	number = {1},
	journaltitle = {{IBM} Systems Journal},
	author = {Bresenham, J. E.},
	urldate = {2025-03-24},
	date = {1965},
	note = {Conference Name: {IBM} Systems Journal},
	file = {IEEE Xplore Abstract Record:/home/br/snap/zotero-snap/common/Zotero/storage/QAYHBX3N/5388473.html:text/html},
}
